@book{intro,
  title={Que son los hilos de un procesador? Diferencias con los nucleos},
  author={Jose Antonio Castillo},
  isbn={9781417642595},
  url={https://www.profesionalreview.com/2019/04/03/que-son-los-hilos-de-un-procesador/},
  year={2019},
  publisher={Profesional Review}
}
