@book{interHS,
  title={Arquitectura de hardware},
  author={Arquitectura-ves},
  isbn={9781417642595},
  url={http://arquitectura-ves.blogspot.com/2014/10/interrupciones-de-sistema.html},
  year={2004},
  publisher={blogspot}
}

@book{def,
  title={Interrupciones del microprocesador},
  author={Jorge Luiz Raraz Tinoco},
  isbn={9781417642595},
  url={https://es.slideshare.net/jorg_leoxd/interrupciones-del-microprocesador},
  year={2011},
  publisher={Slideshare}
}

@book{8259,
  title={EL CONTROLADOR DE INTERRUPCIONES 8259},
  author={galia.fc.uaslp.mx},
  isbn={9781417642595},
  url={http://galia.fc.uaslp.mx/~cantocar/ARQUI_COM_II/LIBRO20IBM-PC/1204.htm},
  year={},
  publisher={galia.fc.uaslp.mx}
}

@book{int,
  title={INT call to interrupt procedure},
  author={faydoc.tripod.com},
  isbn={9781417642595},
  url={http://faydoc.tripod.com/cpu/int.htm},
  year={},
  publisher={faydoc.tripod.com}
}